<?xml version="1.0" encoding="utf-8"?>
<record xmlns="http://www.loc.gov/MARC21/slim" xmlns:xsi="http://www.w3.org/2001/XMLSchema-instance" xsi:schemaLocation="http://www.loc.gov/MARC21/slim http://www.loc.gov/standards/marcxml/schema/MARC21slim.xsd">
	<leader>     nam a22     Mi 4500</leader>
	<controlfield tag="001">460765</controlfield>
	<controlfield tag="003">NjP</controlfield>
	<controlfield tag="006">m        d        </controlfield>
	<controlfield tag="007">cr cn |||m|||a</controlfield>
	<controlfield tag="008">190124m19879999ir      ob    000 0 ara d</controlfield>
	<datafield ind1=" " ind2=" " tag="040">
		<subfield code="a">ZYU</subfield>
		<subfield code="b">ara</subfield>
		<subfield code="e">rda</subfield>
		<subfield code="c">ZYU</subfield>
	</datafield>
	<datafield ind1=" " ind2="4" tag="050">
		<subfield code="a">BP156</subfield>
		<subfield code="b">.T304 1986</subfield>
	</datafield>
	<datafield ind1="1" ind2=" " tag="100">
		<subfield code="6">880-01</subfield>
		<subfield code="a">Ṭabarsī, Ḥusayn Taqī al-Nūrī,</subfield>
		<subfield code="d">approximately 1838-1902.</subfield>
	</datafield>
	<datafield ind1="1" ind2="0" tag="245">
		<subfield code="6">880-02</subfield>
		<subfield code="a">Mustadrak al-Wasāʼil wa-mustanbaṭ al-masāʼil /</subfield>
		<subfield code="c">taʼlīf Ḥusayn al-Nūrī al-Ṭabarsī ; taḥqīq Muʼassasat Āl al-Bayt li-Iḥyāʼ al-Turāth.</subfield>
	</datafield>
	<datafield ind1=" " ind2=" " tag="260">
		<subfield code="6">880-03</subfield>
		<subfield code="a">Qum :</subfield>
		<subfield code="b">Al-Muʼassasah,</subfield>
		<subfield code="c">1407- [1986 or 1987]-</subfield>
	</datafield>
	<datafield ind1=" " ind2=" " tag="300">
		<subfield code="a">online resource (volumes)</subfield>
	</datafield>
	<datafield ind1=" " ind2=" " tag="336">
		<subfield code="a">text</subfield>
		<subfield code="2">rdacontent</subfield>
	</datafield>
	<datafield ind1=" " ind2=" " tag="337">
		<subfield code="a">computer</subfield>
		<subfield code="2">rdamedia</subfield>
	</datafield>
	<datafield ind1=" " ind2=" " tag="338">
		<subfield code="a">online resource</subfield>
		<subfield code="2">rdacarrier</subfield>
	</datafield>
	<datafield ind1="1" ind2=" " tag="490">
		<subfield code="a">Muʼassasat Āl al-Bayt li-Iḥyāʼ al-Turāth ;</subfield>
		<subfield code="v">12-</subfield>
	</datafield>
	<datafield ind1=" " ind2=" " tag="500">
		<subfield code="a">Supplement to Muḥammad ibn al-Ḥasan al-Ḥurr al-ʻĀmilī's Wasāʼil al-Shīʻah ilá taḥṣīl masāʼil al-sharīʻah.</subfield>
	</datafield>
	<datafield ind1=" " ind2=" " tag="500">
		<subfield code="a">Part of the Arabic Collections Online (ACO) project, contributed by Princeton University Libraries.</subfield>
	</datafield>
	<datafield ind1=" " ind2=" " tag="504">
		<subfield code="a">Includes bibliographical references.</subfield>
	</datafield>
	<datafield ind1=" " ind2=" " tag="533">
		<subfield code="a">Electronic reproduction.</subfield>
		<subfield code="b">New York, N.Y. :</subfield>
		<subfield code="c">New York University,</subfield>
		<subfield code="d">2019.</subfield>
		<subfield code="5">NNU</subfield>
	</datafield>
	<datafield ind1=" " ind2="0" tag="650">
		<subfield code="a">Hadith (Shiites)</subfield>
		<subfield code="v">Early works to 1800.</subfield>
	</datafield>
	<datafield ind1=" " ind2="7" tag="650">
		<subfield code="a">Hadith (Shiites)</subfield>
		<subfield code="2">fast</subfield>
		<subfield code="0">(OCoLC)fst00950138</subfield>
	</datafield>
	<datafield ind1=" " ind2="7" tag="655">
		<subfield code="a">Early works.</subfield>
		<subfield code="2">fast</subfield>
		<subfield code="0">(OCoLC)fst01411636</subfield>
	</datafield>
	<datafield ind1="1" ind2=" " tag="700">
		<subfield code="6">880-04</subfield>
		<subfield code="a">Ḥurr al-ʻĀmilī, Muḥammad ibn al-Ḥasan,</subfield>
		<subfield code="d">1624-1693.</subfield>
		<subfield code="t">Wasāʼil al-Shīʻah ilʻa taḥṣīl masāʼil al-sharīʻah.</subfield>
	</datafield>
	<datafield ind1="2" ind2=" " tag="710">
		<subfield code="a">Muʼassasat Āl al-Bayt li-Iḥyāʼ al-Turāth (Qom, Iran)</subfield>
	</datafield>
	<datafield ind1="2" ind2=" " tag="710">
		<subfield code="a">Princeton University.</subfield>
		<subfield code="b">Library.</subfield>
	</datafield>
	<datafield ind1="0" ind2=" " tag="730">
		<subfield code="a">Arabic Collections Online.</subfield>
	</datafield>
	<datafield ind1="0" ind2="8" tag="776">
		<subfield code="i">Online version:</subfield>
		<subfield code="a">Ṭabarsī, Ḥusayn Taqī al-Nūrī, approximately 1838-1902.</subfield>
		<subfield code="t">Mustadrak al-Wasāʼil wa-mustanbaṭ al-masāʼil.</subfield>
		<subfield code="d">Qum : Al-Muʼassasah, 1407- [1986 or 1987]-</subfield>
		<subfield code="w">(OCoLC)551631214</subfield>
	</datafield>
	<datafield ind1="0" ind2="8" tag="776">
		<subfield code="i">Online version:</subfield>
		<subfield code="a">Ṭabarsī, Ḥusayn Taqī al-Nūrī, approximately 1838-1902.</subfield>
		<subfield code="t">Mustadrak al-Wasāʼil wa-mustanbaṭ al-masāʼil.</subfield>
		<subfield code="d">Qum : Al-Muʼassasah, 1407- [1986 or 1987]-</subfield>
		<subfield code="w">(OCoLC)603690953</subfield>
	</datafield>
	<datafield ind1="0" ind2="8" tag="776">
		<subfield code="i">Print version:</subfield>
		<subfield code="a">Ṭabarsī, Ḥusayn Taqī al-Nūrī, approximately 1838-1902.</subfield>
		<subfield code="t">Mustadrak al-Wasāʼil wa-mustanbaṭ al-masāʼil</subfield>
		<subfield code="w">(NjP)460765</subfield>
		<subfield code="w">(OCoLC)22324486</subfield>
	</datafield>
	<datafield ind1=" " ind2="0" tag="830">
		<subfield code="a">Muʼassasat Āl al-Bayt li-Iḥyāʼ al-Turāth (Series) ;</subfield>
		<subfield code="v">12-</subfield>
	</datafield>
	<datafield ind1="4" ind2="0" tag="856">
		<subfield code="u">http://hdl.handle.net/2333.1/1893268f</subfield>
	</datafield>
	<datafield ind1="1" ind2=" " tag="880">
		<subfield code="6">100-01</subfield>
		<subfield code="a">طبرسي، حسين تقي النوري.</subfield>
	</datafield>
	<datafield ind1="1" ind2="0" tag="880">
		<subfield code="6">245-02</subfield>
		<subfield code="a">مستدرك الوسائل ومستنبط المسائل /</subfield>
		<subfield code="c">تأليف حسين النوري الطبرسي ؛ تحقيق مؤسسة آل البيت لإحياء التراث.</subfield>
	</datafield>
	<datafield ind1="3" ind2=" " tag="880">
		<subfield code="6">246-00</subfield>
		<subfield code="a">خاتمة مستدرك الوسائل</subfield>
	</datafield>
	<datafield ind1=" " ind2=" " tag="880">
		<subfield code="6">250-00</subfield>
		<subfield code="a">الطبعة ١.</subfield>
	</datafield>
	<datafield ind1=" " ind2=" " tag="880">
		<subfield code="6">260-03</subfield>
		<subfield code="a">قم :</subfield>
		<subfield code="b">المؤسسة،</subfield>
		<subfield code="c">١٤٠٧- [١٩٨٦ أو ١٩٨٧-]</subfield>
	</datafield>
	<datafield ind1="1" ind2=" " tag="880">
		<subfield code="6">490-00</subfield>
		<subfield code="a">مؤسسة آل البيت لإحياء التراث ؛</subfield>
		<subfield code="v">١٢-</subfield>
	</datafield>
	<datafield ind1="1" ind2=" " tag="880">
		<subfield code="6">700-04</subfield>
		<subfield code="a">حر العاملي، محمد بن الحسن.</subfield>
		<subfield code="t">وسائل الشيعة الى تحصيل مسائل الشريعة.</subfield>
	</datafield>
	<datafield ind1="2" ind2=" " tag="880">
		<subfield code="6">710-00</subfield>
		<subfield code="a">مؤسسة آل البيت لإحياء التراث.</subfield>
	</datafield>
	<datafield ind1=" " ind2=" " tag="959">
		<subfield code="a">NNU</subfield>
		<subfield code="b">WEB</subfield>
		<subfield code="c">GENI</subfield>
		<subfield code="t">0</subfield>
		<subfield code="m">Electronic access</subfield>
		<subfield code="s">01</subfield>
	</datafield>
	<datafield ind1=" " ind2=" " tag="999">
		<subfield code="i">NjP_460765</subfield>
		<subfield code="o">(OCoLC)ocm22324486 </subfield>
		<subfield code="s">princeton_aco001323:juz 26: khatimat 8</subfield>
		<subfield code="s">princeton_aco001416:juz 1</subfield>
		<subfield code="s">princeton_aco001417:juz 2</subfield>
		<subfield code="s">princeton_aco001418:juz 3</subfield>
		<subfield code="s">princeton_aco001419:juz 4</subfield>
		<subfield code="s">princeton_aco001420:juz 5</subfield>
		<subfield code="s">princeton_aco001421:juz 6</subfield>
		<subfield code="s">princeton_aco001422:juz 7</subfield>
		<subfield code="s">princeton_aco001423:juz 8</subfield>
		<subfield code="s">princeton_aco001424:juz 9</subfield>
		<subfield code="s">princeton_aco001425:juz 10</subfield>
		<subfield code="s">princeton_aco001426:juz 11</subfield>
		<subfield code="s">princeton_aco001427:juz 12</subfield>
		<subfield code="s">princeton_aco001428:juz 13</subfield>
		<subfield code="s">princeton_aco001429:juz 14</subfield>
		<subfield code="s">princeton_aco001430:juz 15</subfield>
		<subfield code="s">princeton_aco001431:juz 16</subfield>
		<subfield code="s">princeton_aco001432:juz 17</subfield>
		<subfield code="s">princeton_aco001433:juz 18</subfield>
		<subfield code="e">(ERROR-880)</subfield>
	</datafield>
</record>
